@book{AndreasGathmann515,
  author = {Gathmann, Andreas},
  date   = {2019},
  note   = {\url{https://www.mathematik.uni-kl.de/~gathmann/class/alggeom-2019/alggeom-2019.pdf}},
  title  = {Algebraic Geometry},
}

